<record><leader>00000cas a22000007a 4500</leader><controlfield tag="001">11948958</controlfield><controlfield tag="008">850422d18841896wiuwr ne      0    0eng d</controlfield><datafield ind1=" " ind2=" " tag="010"><subfield code="a">sn 85040422 </subfield></datafield><datafield ind1=" " ind2=" " tag="040"><subfield code="a">NPV</subfield><subfield code="b">eng</subfield><subfield code="c">NPV</subfield><subfield code="d">CRL</subfield><subfield code="d">OCLCQ</subfield><subfield code="d">OCLCF</subfield></datafield><datafield ind1="1" ind2=" " tag="029"><subfield code="a">AU@</subfield><subfield code="b">000025800570</subfield></datafield><datafield ind1="0" ind2=" " tag="041"><subfield code="a">engger</subfield></datafield><datafield ind1=" " ind2=" " tag="042"><subfield code="a">msc</subfield></datafield><datafield ind1=" " ind2=" " tag="043"><subfield code="a">n-us-wi</subfield></datafield><datafield ind1=" " ind2=" " tag="045"><subfield code="a">w8w9</subfield></datafield><datafield ind1=" " ind2=" " tag="052"><subfield code="a">4123</subfield><subfield code="b">B4</subfield></datafield><datafield ind1="0" ind2="4" tag="245"><subfield code="a">The Washburn itemizer.</subfield></datafield><datafield ind1="1" ind2="3" tag="246"><subfield code="a">Washburn weekly itemizer</subfield></datafield><datafield ind1="1" ind2="3" tag="246"><subfield code="a">Itemizer</subfield></datafield><datafield ind1=" " ind2=" " tag="260"><subfield code="a">Washburn, Wis. :</subfield><subfield code="b">Barager Bros.</subfield></datafield><datafield ind1=" " ind2=" " tag="300"><subfield code="a">v.</subfield></datafield><datafield ind1=" " ind2=" " tag="310"><subfield code="a">Weekly</subfield></datafield><datafield ind1=" " ind2=" " tag="321"><subfield code="a">Weekly,</subfield><subfield code="b">&lt;Oct. 23, 1884&gt;-June 16, 1887</subfield></datafield><datafield ind1=" " ind2=" " tag="321"><subfield code="a">Semiweekly,</subfield><subfield code="b">June 23-July 9, 1887</subfield></datafield><datafield ind1="1" ind2=" " tag="362"><subfield code="a">Began with Oct. 16, 1884 issue; ceased with Dec. 25, 1896.</subfield><subfield code="z">Cf. Oehlerts, d. Guide to Wis. newspapers.</subfield></datafield><datafield ind1=" " ind2=" " tag="500"><subfield code="a">Editors: Barager Bros., &lt;Oct. 23, 1884&gt;-May 5, 1887; J.A. Barager, May 12, 1887-&lt;Oct. 11, 1888&gt;.</subfield></datafield><datafield ind1=" " ind2=" " tag="525"><subfield code="a">Supplements accompany some issues.</subfield></datafield><datafield ind1=" " ind2=" " tag="530"><subfield code="a">Available on microfilm from The State Historical Society of Wisconsin.</subfield></datafield><datafield ind1=" " ind2=" " tag="546"><subfield code="a">Some columns in German.</subfield></datafield><datafield ind1=" " ind2=" " tag="580"><subfield code="a">Merged with Washburn news to form Washburn news and Washburn itemizer. Cf. Oehlerts, D. Guide to Wis. newspapers.</subfield></datafield><datafield ind1=" " ind2=" " tag="588"><subfield code="a">Description based on: Vol. 1, no. 2 (Oct. 23, 1884).</subfield></datafield><datafield ind1=" " ind2="0" tag="651"><subfield code="a">Washburn (Wis.)</subfield><subfield code="v">Newspapers.</subfield></datafield><datafield ind1=" " ind2="7" tag="655"><subfield code="a">Newspapers.</subfield><subfield code="2">fast</subfield><subfield code="0">(OCoLC)fst01423814</subfield></datafield><datafield ind1=" " ind2="7" tag="651"><subfield code="a">Wisconsin</subfield><subfield code="z">Washburn.</subfield><subfield code="2">fast</subfield><subfield code="0">(OCoLC)fst01237846</subfield></datafield><datafield ind1=" " ind2=" " tag="752"><subfield code="a">United States</subfield><subfield code="b">Wisconsin</subfield><subfield code="c">Bayfield</subfield><subfield code="d">Washburn.</subfield></datafield><datafield ind1="1" ind2="7" tag="785"><subfield code="t">Washburn news (Washburn, Wis. : 1887)</subfield><subfield code="w">(DLC)sn 85040423</subfield><subfield code="w">(OCoLC)11949000</subfield></datafield><datafield ind1="1" ind2="7" tag="785"><subfield code="t">Washburn news and Washburn itemizer</subfield><subfield code="w">(DLC)sn 85040424</subfield><subfield code="w">(OCoLC)11949039</subfield></datafield></record>